@article{liu2021metahypernet,
  author = {Liu, Hanxiao and Simonyan, Karen},
  title = {Meta-Learning for Neural Architecture Search},
  journal = {arXiv preprint arXiv:2003.03561},
  year = {2021}
}

@article{franceschi2018bilevel,
  author = {Franceschi, Luca and Frasconi, Paolo},
  title = {Bilevel Programming for Hyperparameter Optimization and Meta-Learning},
  journal = {International Conference on Learning Representations},
  year = {2018}
}

@article{liu2018darts,
  author = {Liu, Hanxiao and Simonyan, Karen},
  title = {DARTS: Differentiable Architecture Search},
  journal = {International Conference on Learning Representations},
  year = {2018}
}

@article{zela2020understanding,
  author = {Zela, Arber and Kaden, Markus and Hutter, Frank},
  title = {Understanding Weight Normalization},
  journal = {International Conference on Learning Representations},
  year = {2020}
}
