@article{Poletti2014OPEX,
  author    = {Francesco Poletti},
  title     = {Nested antiresonant nodeless hollow core fiber},
  journal   = {Optics Express},
  year      = {2014},
  volume    = {22},
  number    = {20},
  pages     = {23807--23828},
  doi       = {10.1364/OE.22.023807}
}

@article{Benabid2006JLT,
  author    = {F. Benabid},
  title     = {Hollow-Core Photonic Crystal Fiber: A New Light Guide},
  journal   = {Journal of Lightwave Technology},
  year      = {2006},
  volume    = {24},
  number    = {12},
  pages     = {4624--4633},
  doi       = {10.1109/JLT.2006.885257}
}

@article{Eraerds2010NJP,
  author    = {P. Eraerds and N. Walenta and M. Legr{\'e} and N. Gisin and H. Zbinden},
  title     = {Quantum key distribution and 1 Gbps data encryption over a single fibre},
  journal   = {New Journal of Physics},
  year      = {2010},
  volume    = {12},
  pages     = {063027},
  doi       = {10.1088/1367-2630/12/6/063027}
}

@article{Patel2012PRX,
  author    = {K. A. Patel and J. F. Dynes and I. Choi and A. W. Sharpe and A. R. Dixon and Z. L. Yuan and R. V. Penty and A. J. Shields},
  title     = {Coexistence of High-Bit-Rate Quantum Key Distribution and Data on Optical Fiber},
  journal   = {Physical Review X},
  year      = {2012},
  volume    = {2},
  number    = {4},
  pages     = {041010},
  doi       = {10.1103/PhysRevX.2.041010}
}

@article{Kumar2015NJP,
  author    = {R. Kumar and H. Qin and R. All{\'e}aume},
  title     = {Coexistence of continuous variable QKD with intense DWDM classical channels},
  journal   = {New Journal of Physics},
  year      = {2015},
  volume    = {17},
  pages     = {043027},
  doi       = {10.1088/1367-2630/17/4/043027}
}

@article{Kovalev2013PRA,
  author    = {A. A. Kovalev and L. P. Pryadko},
  title     = {Fault tolerance of quantum LDPC codes with sublinear distance scaling},
  journal   = {Physical Review A},
  year      = {2013},
  volume    = {87},
  pages     = {020304},
  doi       = {10.1103/PhysRevA.87.020304}
}

@inproceedings{Panteleev2022STOC,
  author    = {P. Panteleev and G. Kalachev},
  title     = {Asymptotically good quantum and locally testable classical LDPC codes},
  booktitle = {Proceedings of the 54th Annual ACM SIGACT Symposium on Theory of Computing (STOC)},
  year      = {2022},
  pages     = {375--388},
  doi       = {10.1145/3519935.3520013}
}

@article{Ashikhmin2001PRA,
  author    = {A. Ashikhmin and S. Litsyn and M. A. Tsfasman},
  title     = {Asymptotically good quantum codes},
  journal   = {Physical Review A},
  year      = {2001},
  volume    = {63},
  pages     = {032311},
  doi       = {10.1103/PhysRevA.63.032311}
}

@article{ChenLing2008TIT,
  author    = {H. Chen and S. Ling},
  title     = {A Construction of Good Quantum Error-Correcting Codes Using Good Algebraic Geometry Codes},
  journal   = {IEEE Transactions on Information Theory},
  year      = {2008},
  volume    = {54},
  number    = {1},
  pages     = {443--446},
  doi       = {10.1109/TIT.2007.911240}
}

@article{TsfasmanVladutZink1982MN,
  author    = {M. A. Tsfasman and S. G. Vl{\u a}du{\c t} and T. Zink},
  title     = {Modular curves, Shimura curves, and Goppa codes, better than Varshamov--Gilbert bound},
  journal   = {Mathematische Nachrichten},
  year      = {1982},
  volume    = {109},
  pages     = {21--28},
  doi       = {10.1002/mana.19821090103}
}

@misc{DelfosseNickerson2017UF,
  author    = {N. Delfosse and N. H. Nickerson},
  title     = {Almost-linear time decoding algorithm for topological codes},
  year      = {2017},
  eprint    = {1709.06218},
  archivePrefix = {arXiv},
  primaryClass  = {quant-ph},
  url       = {https://arxiv.org/abs/1709.06218}
}

@article{Higgott2021PyMatching,
  author    = {Oscar Higgott},
  title     = {PyMatching: A fast matching decoder for quantum error-correcting codes},
  journal   = {Quantum},
  year      = {2021},
  volume    = {5},
  pages     = {501},
  doi       = {10.22331/q-2021-07-06-501}
}
