@article{Kennedy2000,
  author = {Kennedy, M. C. and O'Hagan, A.},
  title = {Predicting the output from a complex computer code when fast approximations are available},
  journal = {Biometrika},
  year = {2000},
  volume = {87},
  number = {1},
  pages = {1--13},
  doi = {10.1093/biomet/87.1.1}
}
@article{Kennedy2001,
  author = {Kennedy, M. C. and O'Hagan, A.},
  title = {Bayesian calibration of computer models},
  journal = {Journal of the Royal Statistical Society: Series B (Statistical Methodology)},
  year = {2001},
  volume = {63},
  number = {3},
  pages = {425--464},
  doi = {10.1111/1467-9868.00294}
}
@article{Perdikaris2017,
  author = {Perdikaris, Paris and Raissi, Maziar and Damianou, Andreas and Lawrence, Neil D. and Karniadakis, George Em},
  title = {Nonlinear information fusion algorithms for data-efficient multi-fidelity modeling},
  journal = {Proceedings of the Royal Society A: Mathematical, Physical and Engineering Sciences},
  year = {2017},
  volume = {473},
  number = {2198},
  pages = {20160751},
  doi = {10.1098/rspa.2016.0751}
}
@inproceedings{Kandasamy2017,
  author = {Kandasamy, Kirthevasan and Dasarathy, Gautam and P{\'o}czos, Barnab{\'a}s and Schneider, Jeff},
  title = {Multi-fidelity Bayesian Optimization with Continuous Approximations},
  booktitle = {Proceedings of the 34th International Conference on Machine Learning},
  year = {2017},
  publisher = {PMLR}
}
@inproceedings{Swersky2013,
  author = {Swersky, Kevin and Snoek, Jasper and Adams, Ryan P.},
  title = {Multi-Task Bayesian Optimization},
  booktitle = {Advances in Neural Information Processing Systems 26},
  year = {2013}
}
@inproceedings{Song2019,
  author = {Song, Jiaxi and Poloczek, Matthias and Wu, Kejun and Frazier, Peter I.},
  title = {A General Framework for Multi-Fidelity Bayesian Optimization with Gaussian Processes},
  booktitle = {Proceedings of the 22nd International Conference on Artificial Intelligence and Statistics},
  year = {2019},
  publisher = {PMLR}
}
@inproceedings{Eriksson2019,
  author = {Eriksson, David and Pearce, Michael and Gardner, Jacob and Turner, Ryan and Poloczek, Matthias},
  title = {Scalable Global Optimization via Local Bayesian Optimization},
  booktitle = {Advances in Neural Information Processing Systems 32},
  year = {2019}
}
@article{Shahriari2016,
  author = {Shahriari, Bobak and Swersky, Kevin and Wang, Ziyu and Adams, Ryan P. and de Freitas, Nando},
  title = {Taking the Human Out of the Loop: A Review of Bayesian Optimization},
  journal = {Proceedings of the IEEE},
  year = {2016},
  volume = {104},
  number = {1},
  pages = {148--175},
  doi = {10.1109/JPROC.2015.2494218}
}
@article{Spall1992,
  author = {Spall, James C.},
  title = {Multivariate Stochastic Approximation Using a Simultaneous Perturbation Gradient Approximation},
  journal = {IEEE Transactions on Automatic Control},
  year = {1992},
  volume = {37},
  number = {3},
  pages = {332--341},
  doi = {10.1109/9.119632}
}
@book{Conn2000,
  author = {Conn, Andrew R. and Gould, Nicholas I. M. and Toint, Philippe L.},
  title = {Trust-Region Methods},
  publisher = {SIAM},
  year = {2000},
  doi = {10.1137/1.9780898719857}
}
@inproceedings{Jaderberg2017,
  author = {Jaderberg, Max and Czarnecki, Wojciech Marian and Osindero, Simon and Vinyals, Oriol and Graves, Alex and Kavukcuoglu, Koray and others},
  title = {Decoupled Neural Interfaces using Synthetic Gradients},
  booktitle = {Proceedings of the 34th International Conference on Machine Learning},
  year = {2017},
  publisher = {PMLR}
}
@article{Neftci2019,
  author = {Neftci, Emre O. and Mostafa, Hesham and Zenke, Friedemann},
  title = {Surrogate gradient learning in spiking neural networks},
  journal = {Nature Machine Intelligence},
  year = {2019},
  volume = {1},
  pages = {386--396},
  doi = {10.1038/s42256-019-0073-0}
}
@inproceedings{Golovin2017,
  author = {Golovin, Daniel and Solnik, Benjamin and Moitra, Subhodeep and Kochanski, Greg and Karro, John and Sculley, D.},
  title = {Google Vizier: A Service for Black-Box Optimization},
  booktitle = {Proceedings of the 23rd ACM SIGKDD International Conference on Knowledge Discovery and Data Mining},
  year = {2017},
  pages = {1487--1495},
  doi = {10.1145/3097983.3098043}
}
@article{Frazier2018,
  author = {Frazier, Peter I.},
  title = {A Tutorial on Bayesian Optimization},
  journal = {Foundations and Trends in Optimization},
  year = {2018},
  volume = {8},
  number = {3-4},
  pages = {1--200},
  doi = {10.1561/2400000027}
}
@inproceedings{Chebotar2019,
  author = {Chebotar, Yevgen and Handa, Ankur and Makoviychuk, Viktor and Macklin, Miles and Issac, Jan and Ratliff, Nathan and Fox, Dieter},
  title = {Closing the Sim-to-Real Loop: Adapting Simulation Randomization with Real World Experience},
  booktitle = {2019 International Conference on Robotics and Automation (ICRA)},
  year = {2019},
  pages = {8973--8979},
  doi = {10.1109/ICRA.2019.8793863}
}
@inproceedings{Tobin2017,
  author = {Tobin, Josh and Fong, Rachel and Ray, Alex and Schneider, Jonas and Zaremba, Wojciech and Abbeel, Pieter},
  title = {Domain Randomization for Transferring Deep Neural Networks from Simulation to the Real World},
  booktitle = {2017 IEEE/RSJ International Conference on Intelligent Robots and Systems (IROS)},
  year = {2017},
  pages = {23--30},
  doi = {10.1109/IROS.2017.8202133}
}
@article{Forrester2007,
  author = {Forrester, Alexander I. J. and S{\'o}bester, Andr{\'a}s and Keane, Andy J.},
  title = {Multi-fidelity optimization via surrogate modelling},
  journal = {Proceedings of the Royal Society A: Mathematical, Physical and Engineering Sciences},
  year = {2007},
  volume = {463},
  number = {2088},
  pages = {3251--3269},
  doi = {10.1098/rspa.2007.1900}
}
@article{Raissi2019,
  author = {Raissi, Maziar and Perdikaris, Paris and Karniadakis, George Em},
  title = {Physics-informed neural networks: A deep learning framework for solving forward and inverse problems},
  journal = {Journal of Computational Physics},
  year = {2019},
  volume = {378},
  pages = {686--707},
  doi = {10.1016/j.jcp.2018.10.045}
}
@inproceedings{Gardner2018,
  author = {Gardner, Jacob R. and Pleiss, Geoff and Weinberger, Kilian Q. and Bindel, David and Wilson, Andrew Gordon},
  title = {GPyTorch: Blackbox Matrix-Matrix Gaussian Process Inference with GPU Acceleration},
  booktitle = {Advances in Neural Information Processing Systems 31},
  year = {2018}
}
@inproceedings{Wu2017,
  author = {Wu, Jian and Poloczek, Matthias and Wilson, Andrew Gordon and Frazier, Peter I.},
  title = {Bayesian Optimization with Gradients},
  booktitle = {Advances in Neural Information Processing Systems 30},
  year = {2017}
}
@book{Hutter2019,
  author = {Hutter, Frank and Kotthoff, Lars and Vanschoren, Joaquin},
  title = {Automated Machine Learning: Methods, Systems, Challenges},
  publisher = {Springer},
  year = {2019},
  doi = {10.1007/978-3-030-05318-5}
}
@inproceedings{Kirschner2019,
  author = {Kirschner, Johannes and Mutn{\'y}, Mojm{\'\i}r and Hiller, Nikita and Durrande, Nicolas and Krause, Andreas},
  title = {Adaptive and Safe Bayesian Optimization in High Dimensions via One-Dimensional Subspaces},
  booktitle = {Proceedings of the 36th International Conference on Machine Learning},
  year = {2019},
  publisher = {PMLR}
}
