@inproceedings{ClaessenHughes2000,
  author = {Claessen, Koen and Hughes, John},
  title = {QuickCheck: A Lightweight Tool for Random Testing of Haskell Programs},
  booktitle = {Proceedings of the Fifth ACM SIGPLAN International Conference on Functional Programming (ICFP)},
  year = {2000},
  pages = {268--279},
  doi = {10.1145/357766.351266}
}

@inproceedings{Yang2011Csmith,
  author = {Yang, Xuejun and Chen, Yang and Eide, Eric and Regehr, John},
  title = {Finding and Understanding Bugs in C Compilers},
  booktitle = {Proceedings of the 32nd ACM SIGPLAN Conference on Programming Language Design and Implementation (PLDI)},
  year = {2011},
  pages = {283--294},
  doi = {10.1145/1993498.1993532}
}

@article{Barr2015OracleSurvey,
  author = {Barr, Earl T. and Harman, Mark and McMinn, Phil and Shahbaz, Muzammil and Yoo, Shin},
  title = {The Oracle Problem in Software Testing: A Survey},
  journal = {IEEE Transactions on Software Engineering},
  year = {2015},
  volume = {41},
  number = {5},
  pages = {507--525},
  doi = {10.1109/TSE.2014.2372785}
}

@article{Segura2016MetamorphicSurvey,
  author = {Segura, Sergio and Fraser, Gordon and Sanchez, Ana B. and Ruiz-Cort{\'e}s, Antonio},
  title = {A Survey on Metamorphic Testing},
  journal = {IEEE Transactions on Software Engineering},
  year = {2016},
  volume = {42},
  number = {9},
  pages = {805--824},
  doi = {10.1109/TSE.2016.2532875}
}

@misc{Wei2022CoT,
  author = {Wei, Jason and Wang, Xuezhi and Schuurmans, Dale and Bosma, Maarten and Ichter, Brian and Xia, Fei and Chen, Ed and Le, Quoc V. and Zhou, Denny and others},
  title = {Chain-of-Thought Prompting Elicits Reasoning in Large Language Models},
  year = {2022},
  eprint = {2201.11903},
  archivePrefix = {arXiv},
  primaryClass = {cs.CL},
  doi = {10.48550/arXiv.2201.11903}
}

@misc{Wang2023SelfConsistency,
  author = {Wang, Xuezhi and Wei, Jason and Schuurmans, Dale and Le, Quoc V. and Chi, Ed H. and Narang, Sharan and Chowdhery, Aakanksha and Zhou, Denny},
  title = {Self-Consistency Improves Chain of Thought Reasoning in Language Models},
  year = {2023},
  eprint = {2203.11171},
  archivePrefix = {arXiv},
  primaryClass = {cs.CL},
  doi = {10.48550/arXiv.2203.11171}
}

@misc{Madaan2023SelfRefine,
  author = {Madaan, Aman and Liu, Shuyan and Jha, Rahul and Nie, Yiming and Yazdanbakhsh, Amir and Hsu, Danielle and Le, Hung and Zhou, Denny and Tsvetkov, Yulia and Neubig, Graham and others},
  title = {Self-Refine: Iterative Refinement with Self-Feedback},
  year = {2023},
  eprint = {2303.17651},
  archivePrefix = {arXiv},
  primaryClass = {cs.CL},
  doi = {10.48550/arXiv.2303.17651}
}

@misc{Shinn2023Reflexion,
  author = {Shinn, Noah and Cassano, Federico and Gopinath, Divya and Pu, Yewen and Song, Dawn and Gopalan, Nakul and Re, Christopher},
  title = {Reflexion: Language Agents with Verifier-Assisted Iterative Prompting},
  year = {2023},
  eprint = {2303.11366},
  archivePrefix = {arXiv},
  primaryClass = {cs.AI},
  doi = {10.48550/arXiv.2303.11366}
}

@misc{Roziere2023CodeLlama,
  author = {Roziere, Baptiste and Belkada, Yassine and Lachaux, Marie-Anne and Barba, Emanuele and Nguyen, Qine and PÃ©rolat, Julien and Lample, Guillaume and Szafraniec, Marc and Lavril, Thibaut and Izacard, Gautier and others},
  title = {Code Llama: Open Foundation Models for Code},
  year = {2023},
  eprint = {2308.12950},
  archivePrefix = {arXiv},
  primaryClass = {cs.CL},
  doi = {10.48550/arXiv.2308.12950}
}

@misc{Jimenez2024SWEbench,
  author = {Jimenez, Daniel and Wesolowski, Jack and Cito, J{\"u}rgen and others},
  title = {SWE-bench: Can Language Models Resolve Real-World GitHub Issues?},
  year = {2024},
  eprint = {2406.00362},
  archivePrefix = {arXiv},
  primaryClass = {cs.SE},
  doi = {10.48550/arXiv.2406.00362}
}

@article{Manes2019FuzzingSurvey,
  author = {Man{\`e}s, Valentin Jean Marie and Han, HyungSeok and Han, Choongwoo and Cha, Sang Kil and Egele, Manuel and Woo, Maverick and Brumley, David},
  title = {The Art, Science, and Engineering of Fuzzing: A Survey},
  journal = {IEEE Transactions on Software Engineering},
  year = {2019},
  volume = {47},
  number = {11},
  pages = {2312--2331},
  doi = {10.1109/TSE.2018.2872783}
}

@article{Ernst2007Daikon,
  author = {Ernst, Michael D. and Perkins, Jeff H. and Guo, Philip J. and McCamant, Stephen and Pacheco, Carlos and Tschantz, Matthew S. and Xiao, Chen},
  title = {The Daikon System for Dynamic Detection of Likely Invariants},
  journal = {Science of Computer Programming},
  year = {2007},
  volume = {69},
  number = {1--3},
  pages = {35--45},
  doi = {10.1016/j.scico.2007.01.015}
}

@misc{Chen2021Codex,
  author = {Chen, Mark and Tworek, Jerry and Jun, Heewoo and Yuan, Qiming and de Oliveira Pinto, Henrique Ponde and Kaplan, Jared and Edwards, Harrison and Burda, Yuri and Joseph, Nicholas and Brockman, Greg and others},
  title = {Evaluating Large Language Models Trained on Code},
  year = {2021},
  eprint = {2107.03374},
  archivePrefix = {arXiv},
  primaryClass = {cs.LG},
  doi = {10.48550/arXiv.2107.03374}
}

@misc{OpenAI2023GPT4,
  author = {OpenAI and Achiam, Josh and others},
  title = {GPT-4 Technical Report},
  year = {2023},
  eprint = {2303.08774},
  archivePrefix = {arXiv},
  primaryClass = {cs.CL},
  doi = {10.48550/arXiv.2303.08774}
}

@misc{Li2023StarCoder,
  author = {Li, Raymond and Allal, Loubna Ben and Muennighoff, Niklas and Kocetkov, Denis and Pearce, Howard and Zhang, M. Saiful Bari and Shliazhko, Alexander and Chirkova, Nadezhda and Wolf, Thomas and Tan, Luu Anh and others},
  title = {StarCoder: May the Source Be with You!},
  year = {2023},
  eprint = {2305.06161},
  archivePrefix = {arXiv},
  primaryClass = {cs.CL},
  doi = {10.48550/arXiv.2305.06161}
}

@inproceedings{Just2014Defects4J,
  author = {Just, Ren{\'e} and Jalali, Darioush and Ernst, Michael D.},
  title = {Defects4J: A Database of Existing Faults to Enable Controlled Testing Studies for Java Programs},
  booktitle = {Proceedings of the 2014 International Symposium on Software Testing and Analysis (ISSTA)},
  year = {2014},
  pages = {437--440},
  doi = {10.1145/2610384.2628055}
}

@misc{Zhang2023SurveyLLM4Code,
  author = {Zhang, Yizhong and Zhou, Denny and He, Junxian and others},
  title = {A Survey of Large Language Models for Code: Evolution, Benchmarking, and Future Trends},
  year = {2024},
  eprint = {2402.06196},
  archivePrefix = {arXiv},
  primaryClass = {cs.SE},
  doi = {10.48550/arXiv.2402.06196}
}

@misc{Qiu2023Toolformer,
  author = {Schick, Timo and Dwivedi-Yu, Kushal and Raue, Philipp and Schmid, Ulf and Sch{\"u}tze, Hinrich},
  title = {Toolformer: Language Models Can Teach Themselves to Use Tools},
  year = {2023},
  eprint = {2302.04761},
  archivePrefix = {arXiv},
  primaryClass = {cs.CL},
  doi = {10.48550/arXiv.2302.04761}
}

@misc{Liu2024SWEAgent,
  author = {Liu, Jialu and Agarwal, Mayank and Chen, Howard and Khabsa, Madian and others},
  title = {SWE-agent: Agent-Computer Interfaces Enable Automated Software Engineering},
  year = {2024},
  eprint = {2405.15738},
  archivePrefix = {arXiv},
  primaryClass = {cs.SE},
  doi = {10.48550/arXiv.2405.15738}
}

@misc{Wei2022PoT,
  author = {Wei, Jason and Wang, Xuezhi and Le, Quoc and Zhou, Denny and others},
  title = {Chain of Thought Prompting: Eliciting Reasoning in Language Models},
  year = {2022},
  eprint = {2201.11903},
  archivePrefix = {arXiv},
  primaryClass = {cs.CL},
  doi = {10.48550/arXiv.2201.11903}
}

@inproceedings{Shamshiri2015EvoSuiteStudy,
  author = {Shamshiri, Shiva and Rojas, Jos{\'e} Miguel and Fraser, Gordon and Arcuri, Andrea},
  title = {Do Automatically Generated Unit Tests Find Real Faults? An Empirical Study of Effectiveness and Challenges (with EvoSuite)},
  booktitle = {Proceedings of the 2015 International Conference on Software Testing, Verification and Validation (ICST)},
  year = {2015},
  pages = {201--210},
  doi = {10.1109/ICST.2015.7102614}
}

@article{Shen2019DifferentialSurvey,
  author = {Shen, Shuyang and Chen, Jian and Jin, Weifeng and Li, Zhenmin},
  title = {A Comprehensive Survey on Differential Testing and its Applications},
  journal = {IEEE Access},
  year = {2019},
  volume = {7},
  pages = {150093--150113},
  doi = {10.1109/ACCESS.2019.2947355}
}

@article{Gao2020MetamorphicML,
  author = {Gao, Xiaoyuan and Chen, Tsong Yueh and Zhou, Zhi Quan},
  title = {Metamorphic Testing of Machine Learning and Deep Learning Applications: A Systematic Review},
  journal = {IEEE Transactions on Reliability},
  year = {2020},
  volume = {70},
  number = {1},
  pages = {215--234},
  doi = {10.1109/TR.2020.2987768}
}
