@article{amodei2016concrete,
  title={Concrete problems in AI safety},
  author={Amodei, Dario and others},
  journal={arXiv preprint arXiv:1606.06565},
  year={2016}
}

@article{leike2018scalable,
  title={Scalable agent alignment via reward modeling: a research direction},
  author={Leike, Jan and Martic, David and others},
  journal={arXiv preprint arXiv:1811.07871},
  year={2018}
}

@article{oord2016wavenet,
  title={WaveNet: A generative model for raw audio},
  author={van den Oord, Aaron and others},
  journal={arXiv preprint arXiv:1609.03499},
  year={2016}
}

@article{krizhevsky2012imagenet,
  title={ImageNet classification with deep convolutional neural networks},
  author={Krizhevsky, Alex and Sutskever, Ilya and Hinton, Geoffrey E},
  journal={Communications of the ACM},
  volume={60},
  number={6},
  pages={84--90},
  year={2017}
}

@article{silver2017mastering,
  title={Mastering the game of Go without human knowledge},
  author={Silver, David and others},
  journal={Nature},
  volume={550},
  number={7676},
  pages={354--359},
  year={2017}
}

@article{ziegler2019fine,
  title={Fine-Tuning Language Models from Human Preferences},
  author={Ziegler, Daniel M and others},
  journal={arXiv preprint arXiv:1909.08593},
  year={2019}
}

@article{anthropic2024constitutional,
  title={Constitutional AI: Evaluating Harmlessness with Language Model Judges},
  author={Bai, Yuntao and others},
  journal={arXiv preprint arXiv:2401.08561},
  year={2024}
}

@article{brown2020language,
  title={Language Models are Few-Shot Learners},
  author={Brown, Tom B and others},
  journal={Advances in Neural Information Processing Systems},
  volume={33},
  pages={1877--1901},
  year={2020}
}

@inproceedings{ouyang2022training,
  title={Training language models to follow instructions with human feedback},
  author={Ouyang, Long and others},
  booktitle={Advances in Neural Information Processing Systems},
  year={2022}
}

@article{bai2022training,
  title={Training a helpful and harmless assistant with reinforcement learning from human feedback},
  author={Bai, Yuntao and others},
  journal={arXiv preprint arXiv:2204.05862},
  year={2022}
}
