@article{gottesman1997stabilizer,
  author = {Gottesman, Daniel},
  title = {Stabilizer Codes and Quantum Error Correction},
  journal = {Caltech Ph.D. thesis},
  year = {1997}
}
@article{lidar2013quantum,
  author = {Lidar, Daniel A and Brun, Todd A},
  title = {Quantum error correction},
  journal = {Cambridge University Press},
  year = {2013}
}
@article{fowler2012surface,
  author = {Fowler, Austin G and Mariantoni, Matteo and Martinis, John M},
  title = {Surface codes: Towards practical large-scale quantum computation},
  journal = {Physical Review A},
  year = {2012},
  volume = {86},
  number = {3},
  pages = {032324},
  doi = {10.1103/PhysRevA.86.032324}
}
@article{terhal2015quantum,
  author = {Terhal, Barbara M and DiVincenzo, David P},
  title = {Adiabatic quantum computation and quantum error correction},
  journal = {Quantum Information \& Computation},
  year = {2015},
  volume = {15},
  number = {7\&8},
  pages = {659-684}
}
