@inproceedings{Ouyang2022,
  author    = {Long Ouyang and Jeff Wu and Xu Jiang and Diogo Almeida and Carroll L. Wainwright and Pamela Mishkin and Chong Zhang and Sandhini Agarwal and Katarina Slama and Alex Ray and John Schulman and Jacob Hilton and Fraser Kelton and Luke Miller and Maddie Simens and Amanda Askell and Peter Welinder and Paul Christiano and Jan Leike and Ryan Lowe},
  title     = {Training language models to follow instructions with human feedback},
  booktitle = {Advances in Neural Information Processing Systems},
  year      = {2022},
  eprint    = {2203.02155},
  archivePrefix = {arXiv},
  primaryClass = {cs.CL},
  doi       = {10.48550/arXiv.2203.02155}
}

@article{Bai2022ConstitutionalAI,
  author    = {Yuntao Bai and Andy Jones and Kamal Ndousse and Amanda Askell and Anna Chen and Nova DasSarma and Dawn Drain and Stanislav Fort and Deep Ganguli and Tom Henighan and Nicholas Joseph and Saurav Kadavath and Jackson Kernion and Tom Conerly and Sheer El Showk and Nelson Elhage and Zac Hatfield{-}Dodds and Danny Hernandez and Tristan Hume and Scott Johnston and Shauna Kravec and Liane Lovitt and Neel Nanda and Catherine Olsson and Dario Amodei and Sam McCandlish and Chris Olah and Jared Kaplan and Thomas Henighan},
  title     = {Constitutional {AI}: Harmlessness from {AI} Feedback},
  journal   = {arXiv preprint},
  year      = {2022},
  eprint    = {2212.08073},
  archivePrefix = {arXiv},
  primaryClass = {cs.LG},
  doi       = {10.48550/arXiv.2212.08073}
}

@article{Perez2022RedTeam,
  author    = {Ethan Perez and Sam R. Bowman and Kieran Collins and Jelena Luketina and Evan Hubinger and Joseph R. McGrath and John U. Pitre and Justin Svegliato and Nathan Lambert and Sam Toyer and Henrik Marklund and Rohin Shah and Buck Shlegeris and Katja Grace and Paul Christiano and Owain Evans},
  title     = {Red Teaming Language Models},
  journal   = {arXiv preprint},
  year      = {2022},
  eprint    = {2209.07858},
  archivePrefix = {arXiv},
  primaryClass = {cs.CL},
  doi       = {10.48550/arXiv.2209.07858}
}

@article{Ganguli2022RTLM,
  author    = {Deep Ganguli and Liane Lovitt and Nicholas Schiefer and Amanda Askell and Miles Brundage and Jack Clark and Tom Henighan and Ben Mann and Sam McCandlish and Jared Kaplan and Ethan Perez},
  title     = {Red Teaming Language Models with Language Models},
  journal   = {arXiv preprint},
  year      = {2022},
  eprint    = {2202.03286},
  archivePrefix = {arXiv},
  primaryClass = {cs.CL},
  doi       = {10.48550/arXiv.2202.03286}
}

@inproceedings{Lin2022TruthfulQA,
  author    = {Stephanie Lin and Jacob Hilton and Owain Evans},
  title     = {TruthfulQA: Measuring How Models Mimic Human Falsehoods},
  booktitle = {Proceedings of the 60th Annual Meeting of the Association for Computational Linguistics},
  year      = {2022},
  pages     = {3214--3229},
  doi       = {10.18653/v1/2022.acl-long.229}
}

@article{Hendrycks2021MMLU,
  author    = {Dan Hendrycks and Collin Burns and Steven Basart and Andrew Critch and Jerry Li and Dawn Song and Jacob Steinhardt},
  title     = {Measuring Massive Multitask Language Understanding},
  journal   = {arXiv preprint},
  year      = {2020},
  eprint    = {2009.03300},
  archivePrefix = {arXiv},
  primaryClass = {cs.CL},
  doi       = {10.48550/arXiv.2009.03300}
}

@article{Liang2022HELM,
  author    = {Percy Liang and Rishi Bommasani and Tony Lee and Dimitris Z. Panigrahi and Dan Klein and Tatsunori B. Hashimoto and Jacob Steinhardt and Ranjay Krishna and Enric Junyent and others},
  title     = {Holistic Evaluation of Language Models},
  journal   = {arXiv preprint},
  year      = {2022},
  eprint    = {2211.09110},
  archivePrefix = {arXiv},
  primaryClass = {cs.CL},
  doi       = {10.48550/arXiv.2211.09110}
}

@article{Srivastava2023BIGBench,
  author    = {Aarohi Srivastava and Abhinav Rastogi and Abhishek Rao and et al.},
  title     = {Beyond the Imitation Game: Quantifying and extrapolating the capabilities of language models},
  journal   = {Transactions on Machine Learning Research},
  year      = {2023},
  eprint    = {2206.04615},
  archivePrefix = {arXiv},
  primaryClass = {cs.CL},
  note      = {Featured Certification},
  doi       = {10.48550/arXiv.2206.04615}
}

@article{Weidinger2021Risks,
  author    = {Laura Weidinger and John Mellor and Maribeth Rauh and Conor Griffin and Jonathan Uesato and Po{-}Sen Huang and Atoosa Kasirzadeh and John Aslanides and Raul Fervari and et al.},
  title     = {Ethical and social risks of harm from Language Models},
  journal   = {arXiv preprint},
  year      = {2021},
  eprint    = {2112.04359},
  archivePrefix = {arXiv},
  primaryClass = {cs.CY},
  doi       = {10.48550/arXiv.2112.04359}
}

@article{Amodei2016Concrete,
  author    = {Dario Amodei and Chris Olah and Jacob Steinhardt and Paul Christiano and John Schulman and Dan Man{\'e}},
  title     = {Concrete Problems in {AI} Safety},
  journal   = {arXiv preprint},
  year      = {2016},
  eprint    = {1606.06565},
  archivePrefix = {arXiv},
  primaryClass = {cs.AI},
  doi       = {10.48550/arXiv.1606.06565}
}

@article{Shah2022GMG,
  author    = {Rohin Shah and Noah Gundotra and Steven Adler and Joshua Achiam},
  title     = {Goal Misgeneralization in Deep Reinforcement Learning},
  journal   = {arXiv preprint},
  year      = {2022},
  eprint    = {2210.01790},
  archivePrefix = {arXiv},
  primaryClass = {cs.LG},
  doi       = {10.48550/arXiv.2210.01790}
}

@article{Hubinger2019Mesa,
  author    = {Evan Hubinger and Chris van Merwijk and Vladimir Mikulik and Joar Skalse and Scott Garrabrant},
  title     = {Risks from Learned Optimization in Advanced Machine Learning Systems},
  journal   = {arXiv preprint},
  year      = {2019},
  eprint    = {1906.01820},
  archivePrefix = {arXiv},
  primaryClass = {cs.LG},
  doi       = {10.48550/arXiv.1906.01820}
}

@article{Zou2023UniversalJailbreak,
  author    = {Andy Zou and Zifan Wang and J. Zico Kolter and Matt Fredrikson},
  title     = {Universal and Transferable Adversarial Attacks on Aligned Language Models},
  journal   = {arXiv preprint},
  year      = {2023},
  eprint    = {2307.15043},
  archivePrefix = {arXiv},
  primaryClass = {cs.CL},
  doi       = {10.48550/arXiv.2307.15043}
}

@article{Greshake2023ReversePromptInjection,
  author    = {Karl Greshake and Aleksandra Przegalinska and Matthew L. Mitchell and others},
  title     = {More Than You've Asked For: A Comprehensive Analysis of Reverse Prompt Injection Attacks},
  journal   = {arXiv preprint},
  year      = {2023},
  eprint    = {2302.12173},
  archivePrefix = {arXiv},
  primaryClass = {cs.CR},
  doi       = {10.48550/arXiv.2302.12173}
}

@inproceedings{Carlini2021Extraction,
  author    = {Nicholas Carlini and Florian Tram{\`e}r and Eric Wallace and Matthew Jagielski and Ariel Herbert{-}Voss and Katherine Lee and Adam Roberts and Tom B. Brown and Dawn Song and {\'U}lfar Erlingsson and Alina Oprea and Colin Raffel},
  title     = {Extracting Training Data from Large Language Models},
  booktitle = {30th USENIX Security Symposium},
  year      = {2021},
  eprint    = {2012.07805},
  archivePrefix = {arXiv},
  primaryClass = {cs.CR},
  doi       = {10.48550/arXiv.2012.07805}
}

@article{Ziegler2019HF,
  author    = {Daniel M. Ziegler and Nisan Stiennon and Jeffrey Wu and Tom B. Brown and Alec Radford and Dario Amodei and Paul Christiano and Geoffrey Irving},
  title     = {Fine-Tuning Language Models from Human Preferences},
  journal   = {arXiv preprint},
  year      = {2019},
  eprint    = {1909.08593},
  archivePrefix = {arXiv},
  primaryClass = {cs.LG},
  doi       = {10.48550/arXiv.1909.08593}
}

@article{Christiano2017DRLHF,
  author    = {Paul F. Christiano and Jan Leike and Tom B. Brown and Miljan Martic and Shane Legg and Dario Amodei},
  title     = {Deep Reinforcement Learning from Human Preferences},
  journal   = {arXiv preprint},
  year      = {2017},
  eprint    = {1706.03741},
  archivePrefix = {arXiv},
  primaryClass = {cs.LG},
  doi       = {10.48550/arXiv.1706.03741}
}

@article{Uesato2018RigorousEval,
  author    = {Jonathan Uesato and Jessica Taylor and Shankar Krishnan and Ian Gemp and Philip Schulman and Pushmeet Kohli},
  title     = {Rigorous Agent Evaluation: An Adversarial Approach to Uncover Catastrophic Failures},
  journal   = {arXiv preprint},
  year      = {2018},
  eprint    = {1811.00661},
  archivePrefix = {arXiv},
  primaryClass = {cs.LG},
  doi       = {10.48550/arXiv.1811.00661}
}

@inproceedings{Mitchell2019ModelCards,
  author    = {Margaret Mitchell and Simone Wu and Andrew Zaldivar and Parker Barnes and Lucy Vasserman and Ben Hutchinson and Elena Spitzer and Inioluwa Deborah Raji and Timnit Gebru},
  title     = {Model Cards for Model Reporting},
  booktitle = {Proceedings of the Conference on Fairness, Accountability, and Transparency},
  year      = {2019},
  pages     = {220--229},
  doi       = {10.1145/3287560.3287596}
}

@article{Shevlane2023ExtremeRiskEval,
  author    = {Toby Shevlane and Iason Gabriel and Christopher Summerfield and Carina Prunkl and et al.},
  title     = {Model evaluation for extreme risks},
  journal   = {arXiv preprint},
  year      = {2023},
  eprint    = {2305.15324},
  archivePrefix = {arXiv},
  primaryClass = {cs.CY},
  doi       = {10.48550/arXiv.2305.15324}
}

@inproceedings{Bender2021StochasticParrots,
  author    = {Emily M. Bender and Timnit Gebru and Angelina McMillan{-}Major and Shmargaret Shmitchell},
  title     = {On the Dangers of Stochastic Parrots: Can Language Models Be Too Big?},
  booktitle = {Proceedings of the 2021 ACM Conference on Fairness, Accountability, and Transparency},
  year      = {2021},
  pages     = {610--623},
  doi       = {10.1145/3442188.3445922}
}

@article{Perez2022ModelWrittenEvals,
  author    = {Ethan Perez and Karina Nguyen and Ammar Rizvi and Jared Kaplan and Sam McCandlish and Tom Brown and Dario Amodei},
  title     = {Discovering Language Model Behaviors with Model-Written Evaluations},
  journal   = {arXiv preprint},
  year      = {2022},
  eprint    = {2212.09251},
  archivePrefix = {arXiv},
  primaryClass = {cs.CL},
  doi       = {10.48550/arXiv.2212.09251}
}
