@article{Zhang2022,
  author = {Zhang, J. and Liu, Y.},
  title = {Fairness-aware Machine Learning: A Survey},
  journal = {Journal of Artificial Intelligence Research},
  year = {2022},
  volume = {65},
  pages = {213-265},
  doi = {10.1613/jair.1.11644}
}

@article{Madras2018,
  author = {Madras, D. and Pitassi, T. and Zemel, R.},
  title = {Learning Adversarially Fair and Transferable Representations},
  journal = {International Conference on Machine Learning},
  year = {2018},
  volume = {},
  pages = {3254-3262},
  doi = {10.5555/3326943.3327008}
}

@article{Dwork2012,
  author = {Dwork, C. and Hardt, M. and Pitassi, T. and Reingold, O. and Zemel, R.},
  title = {Fairness Through Awareness},
  journal = {Proceedings of the 3rd Innovations in Theoretical Computer Science Conference},
  year = {2012},
  volume = {},
  pages = {214-226},
  doi = {10.1145/2090236.2090255}
}
